@Misc{minisat,
howpublished = {\url{http://minisat.se/Main.html}}
}

@Misc{zchaff,
howpublished = {\url{http://www.princeton.edu/~chaff/zchaff.html}}
}

@Misc{benchmark,
howpublished = {\url{https://sites.google.com/site/graphcoloring/files}}
}

@Misc{dot,
howpublished = {\url{http://www.graphviz.org/}}
}

@inproceedings{minisatpaper,
  title={An extensible SAT-solver},
  author={E{\'e}n, Niklas and S{\"o}rensson, Niklas},
  booktitle={Theory and applications of satisfiability testing},
  pages={502--518},
  year={2004},
  organization={Springer}
}

@book{reducibility,
  title={Reducibility among combinatorial problems},
  author={Karp, Richard M},
  year={1972},
  publisher={Springer}
}